@article{ambler2005agile,
  title={The agile unified process (aup)},
  author={Ambler, Scott and others},
  journal={Ambysoft, http://www. agilealliance. hu/materials/books/SWA-AUP. pdf, {\'u}ltima visita},
  volume={14},
  year={2005}
}